<?xml version="1.0" encoding="UTF-8"?><collection xmlns="http://www.loc.gov/MARC21/slim"><record><leader>00507nam--2200193-u-4500</leader><controlfield tag="001">000052184</controlfield><controlfield tag="002">20161230</controlfield><controlfield tag="005">20161230201050</controlfield><controlfield tag="008">100510s1000------------r-----000-0-rus-d</controlfield><datafield ind1=" " ind2=" " tag="040"><subfield code="a">IFIN-HH</subfield></datafield><datafield ind1=" " ind2=" " tag="080"><subfield code="a">531</subfield></datafield><datafield ind1="1" ind2=" " tag="100"><subfield code="a">Lagrange, J</subfield></datafield><datafield ind1="1" ind2="0" tag="245"><subfield code="a">Analiticeskaia mehanica</subfield><subfield code="c">J. Lagrange</subfield></datafield><datafield ind1=" " ind2=" " tag="260"><subfield code="a">Moskva</subfield><subfield code="b">Izdatelistvo Tehniko-Teoreticeskoii literaturi</subfield><subfield code="c">1950</subfield></datafield><datafield ind1=" " ind2=" " tag="300"><subfield code="a">2 vol</subfield></datafield><datafield ind1=" " ind2=" " tag="490"><subfield code="a">Klassiki Ectestvoznaniia</subfield></datafield><datafield ind1=" " ind2=" " tag="787"><subfield code="a">Tom II</subfield><subfield code="h">440 p</subfield></datafield><datafield ind1=" " ind2=" " tag="852"><subfield code="a">393</subfield><subfield code="c">531</subfield></datafield><datafield ind1=" " ind2=" " tag="CAT"><subfield code="a">Sys</subfield><subfield code="c">20100510</subfield><subfield code="h">145757</subfield></datafield></record></collection>